11111111111111111111111111111111111111111111111111111111111111111111111111
222222222222222222222222222222222222222222222222222222222222222222
3333333333333333333333333333333333333
rrrrrrrrrrrrrrrrrrrrrrryyyyyyyyyyyyyyy
aarrrrrrrrrrrrrr热热热热热若若若若若若若若若若若若若若若若若若若若若若若若若若若若若若若若若
甜热热若若若若若若若若若若若若若若若若若若若若若若若若若若若若若若若若若若若